@article{couto2022introspection,
  title={Introspection dynamics: A simple model of counterfactual learning in asymmetric games},
  author={Couto, Marta and Giaimo, Stefano and Hilbe, Christian},
  journal={New Journal of Physics},
  year={2022},
  publisher={IOP Publishing}
}

@article{mcavoy2015asymmetric,
  title={Asymmetric evolutionary games},
  author={McAvoy, Alex and Hauert, Christoph},
  journal={PLoS computational biology},
  volume={11},
  number={8},
  pages={e1004349},
  year={2015},
  publisher={Public Library of Science San Francisco, CA USA}
}

@article{pena2014gains,
  title={Gains from switching and evolutionary stability in multi-player matrix games},
  author={Pena, Jorge and Lehmann, Laurent and N{\"o}ldeke, Georg},
  journal={Journal of Theoretical Biology},
  volume={346},
  pages={23--33},
  year={2014},
  publisher={Elsevier}
}

